@inproceedings{singer01,
 author = {Singer, Jeremy and Kovoor, George and Brown, Gavin and Luj\'{a}n, Mikel},
 title = {Garbage Collection Auto-tuning for Java Mapreduce on Multi-cores},
 booktitle = {Proceedings of the International Symposium on Memory Management},
 series = {ISMM '11},
 year = {2011},
 isbn = {978-1-4503-0263-0},
 location = {San Jose, California, USA},
 pages = {109--118},
 numpages = {10},
 url = {http://doi.acm.org/10.1145/1993478.1993495},
 doi = {10.1145/1993478.1993495},
 acmid = {1993495},
 publisher = {ACM},
 address = {New York, NY, USA},
 keywords = {garbage collection, java, machine learning, mapreduce},
} 

@inproceedings{Cheng98,
 author = {Cheng, Perry and Harper, Robert and Lee, Peter},
 title = {Generational Stack Collection and Profile-driven Pretenuring},
 booktitle = {Proceedings of the ACM SIGPLAN 1998 Conference on Programming Language Design and Implementation},
 series = {PLDI '98},
 year = {1998},
 isbn = {0-89791-987-4},
 location = {Montreal, Quebec, Canada},
 pages = {162--173},
 numpages = {12},
 url = {http://doi.acm.org/10.1145/277650.277718},
 doi = {10.1145/277650.277718},
 acmid = {277718},
 publisher = {ACM},
 address = {New York, NY, USA},
} 

@inproceedings{Singer07,
 author = {Singer, Jeremy and Brown, Gavin and Watson, Ian and Cavazos, John},
 title = {Intelligent Selection of Application-specific Garbage Collectors},
 booktitle = {Proceedings of the 6th International Symposium on Memory Management},
 series = {ISMM '07},
 year = {2007},
 isbn = {978-1-59593-893-0},
 location = {Montreal, Quebec, Canada},
 pages = {91--102},
 numpages = {12},
 url = {http://doi.acm.org/10.1145/1296907.1296920},
 doi = {10.1145/1296907.1296920},
 acmid = {1296920},
 publisher = {ACM},
 address = {New York, NY, USA},
 keywords = {application-specific garbage collection, machine learning},
}


@article{Brecht06,
 author = {Brecht, Tim and Arjomandi, Eshrat and Li, Chang and Pham, Hang},
 title = {Controlling Garbage Collection and Heap Growth to Reduce the Execution Time of Java Applications},
 journal = {ACM Trans. Program. Lang. Syst.},
 issue_date = {September 2006},
 volume = {28},
 number = {5},
 month = sep,
 year = {2006},
 issn = {0164-0925},
 pages = {908--941},
 numpages = {34},
 url = {http://doi.acm.org/10.1145/1152649.1152652},
 doi = {10.1145/1152649.1152652},
 acmid = {1152652},
 publisher = {ACM},
 address = {New York, NY, USA},
 keywords = {Garbage collection, Java, heap growth, implementation, memory management, performance measurement, programming languages},
}

@inproceedings{Lengauer14,
 author = {Lengauer, Philipp and M\"{o}ssenb\"{o}ck, Hanspeter},
 title = {The Taming of the Shrew: Increasing Performance by Automatic Parameter Tuning for Java Garbage Collectors},
 booktitle = {Proceedings of the 5th ACM/SPEC International Conference on Performance Engineering},
 series = {ICPE '14},
 year = {2014},
 isbn = {978-1-4503-2733-6},
 location = {Dublin, Ireland},
 pages = {111--122},
 numpages = {12},
 url = {http://doi.acm.org/10.1145/2568088.2568091},
 doi = {10.1145/2568088.2568091},
 acmid = {2568091},
 publisher = {ACM},
 address = {New York, NY, USA},
 keywords = {configuration, garbage collection, java, optimization},
}

@Manual{r,
  title = {R: A Language and Environment for Statistical Computing},
  author = {{R Core Team}},
  organization = {R Foundation for Statistical Computing},
  address = {Vienna, Austria},
  year = {2017},
  url = {https://www.R-project.org/},
}
